@article{Nadeau2007ASO,
  title={A survey of named entity recognition and classification},
  author={David Nadeau and Satoshi Sekine},
  year={2007}
}
@article{Roberts2008CombiningTR,
  title={Combining Terminology Resources and Statistical Methods for Entity Recognition: an Evaluation},
  author={Angus Roberts and Robert J. Gaizauskas and Mark Hepple and Yikun Guo},
  booktitle={LREC},
  year={2008}
}

@article{Lample2016NeuralAF,
  title={Neural Architectures for Named Entity Recognition},
  author={Guillaume Lample and Miguel Ballesteros and Sandeep Subramanian and Kazuya Kawakami and Chris Dyer},
  booktitle={HLT-NAACL},
  year={2016}
}

@article{AlRfou2015POLYGLOTNERMM,
  title={POLYGLOT-NER: Massive Multilingual Named Entity Recognition},
  author={Rami Al-Rfou' and Vivek Kulkarni and Bryan Perozzi and Steven Skiena},
  booktitle={SDM},
  year={2015}
}

@article{Chiu2016NamedER,
  title={Named Entity Recognition with Bidirectional LSTM-CNNs},
  author={Jason P. C. Chiu and Eric Nichols},
  journal={TACL},
  year={2016},
  volume={4},
  pages={357-370}
}

@article{Anh2017ApplicationOA,
  title={Application of a Hybrid Bi-LSTM-CRF model to the task of Russian Named Entity Recognition},
  author={L. T. Anh and M. Y. Arkhipov and M. S. Burtsev},
  journal={CoRR},
  year={2017},
  volume={abs/1709.09686}
}

@article{Ma2016EndtoendSL,
  title={End-to-end Sequence Labeling via Bi-directional LSTM-CNNs-CRF},
  author={Xuezhe Ma and Eduard H. Hovy},
  journal={CoRR},
  year={2016},
  volume={abs/1603.01354}
}

@article{Lyu2017LongSM,
  title={Long short-term memory RNN for biomedical named entity recognition},
  author={Chen Lyu and Bo Chen and Yafeng Ren and Donghong Ji},
  booktitle={BMC Bioinformatics},
  year={2017}
}

@article{Gridach2017CharacterlevelNN,
  title={Character-level neural network for biomedical named entity recognition},
  author={Mourad Gridach},
  journal={Journal of biomedical informatics},
  year={2017},
  volume={70},
  pages={85-91}
}